@incollection{vidal2016principal,
	title={Principal Component Analysis},
	author={Vidal, Ren{\'e} and Ma, Yi and Sastry, S Shankar},
	booktitle={Generalized Principal Component Analysis},
	pages={25--62},
	year={2016},
	publisher={Springer}
}
