@book{vidal2016PCA,
	title={Generalized Principal Component Analysis},
	author={Vidal, Ren{\'e} and Ma, Yi and Sastry, S Shankar},
	year={2016},
	publisher={Springer}
}
